{"2012-01":{"nb_uniq_visitors":0,"nb_visits":0,"nb_actions":0,"nb_actions_per_visit":0,"bounce_rate":0,"avg_time_on_site":0,"max_actions":0,"nb_visits_returning":0,"nb_actions_returning":0,"avg_time_on_site_returning":0,"bounce_rate_returning":0,"nb_actions_per_visit_returning":0,"nb_uniq_visitors_returning":0,"nb_conversions":0,"nb_visits_converted":0,"conversion_rate":0,"revenue":0,"nb_pageviews":0,"nb_uniq_pageviews":0,"nb_downloads":0,"nb_uniq_downloads":0,"nb_outlinks":0,"nb_uniq_outlinks":0,"nb_searches":0,"nb_keywords":0,"avg_time_generation":0},"2012-02":{"max_actions":107,"nb_actions":17821,"nb_uniq_visitors":10653,"nb_visits":11889,"bounce_rate":"78%","nb_actions_per_visit":1.5,"avg_time_on_site":74,"nb_actions_returning":2803,"nb_visits_returning":1264,"bounce_rate_returning":"66%","nb_actions_per_visit_returning":2.2,"avg_time_on_site_returning":215,"nb_uniq_visitors_returning":0,"nb_conversions":0,"nb_visits_converted":0,"conversion_rate":0,"revenue":0,"nb_outlinks":476,"nb_pageviews":17415,"nb_uniq_outlinks":392,"nb_uniq_pageviews":13432,"avg_time_generation":0,"nb_downloads":0,"nb_uniq_downloads":0,"nb_searches":0,"nb_keywords":0},"2012-03":{"max_actions":153,"nb_actions":48865,"nb_uniq_visitors":31397,"nb_visits":34499,"bounce_rate":"80%","nb_actions_per_visit":1.4,"avg_time_on_site":52,"nb_actions_returning":7516,"nb_visits_returning":3359,"bounce_rate_returning":"71%","nb_actions_per_visit_returning":2.2,"avg_time_on_site_returning":183,"nb_uniq_visitors_returning":0,"nb_conversions":0,"nb_visits_converted":0,"conversion_rate":0,"revenue":0,"nb_outlinks":511,"nb_pageviews":48359,"nb_uniq_outlinks":433,"nb_uniq_pageviews":40021,"avg_time_generation":0,"nb_downloads":0,"nb_uniq_downloads":0,"nb_searches":0,"nb_keywords":0},"2012-04":{"max_actions":85,"nb_actions":47399,"nb_uniq_visitors":35755,"nb_visits":38352,"bounce_rate":"86%","nb_actions_per_visit":1.2,"avg_time_on_site":36,"nb_actions_returning":4772,"nb_visits_returning":2817,"bounce_rate_returning":"75%","nb_actions_per_visit_returning":1.7,"avg_time_on_site_returning":169,"nb_uniq_visitors_returning":0,"nb_conversions":0,"nb_visits_converted":0,"conversion_rate":0,"revenue":0,"nb_outlinks":319,"nb_pageviews":47079,"nb_uniq_outlinks":286,"nb_uniq_pageviews":41499,"avg_time_generation":0,"nb_downloads":0,"nb_uniq_downloads":0,"nb_searches":0,"nb_keywords":0},"2012-05":{"max_actions":93,"nb_actions":48949,"nb_uniq_visitors":24899,"nb_visits":27604,"bounce_rate":"67%","nb_actions_per_visit":1.8,"avg_time_on_site":60,"nb_actions_returning":7326,"nb_visits_returning":2851,"bounce_rate_returning":"60%","nb_actions_per_visit_returning":2.6,"avg_time_on_site_returning":206,"nb_uniq_visitors_returning":0,"nb_conversions":0,"nb_visits_converted":0,"conversion_rate":0,"revenue":0,"nb_outlinks":192,"nb_pageviews":47389,"nb_uniq_outlinks":169,"nb_uniq_pageviews":40029,"avg_time_generation":0,"nb_downloads":0,"nb_uniq_downloads":0,"nb_searches":0,"nb_keywords":0},"2012-06":{"max_actions":95,"nb_actions":57729,"nb_uniq_visitors":40865,"nb_visits":41398,"bounce_rate":"76%","nb_actions_per_visit":1.4,"avg_time_on_site":52,"nb_actions_returning":1610,"nb_visits_returning":637,"bounce_rate_returning":"60%","nb_actions_per_visit_returning":2.5,"avg_time_on_site_returning":220,"nb_uniq_visitors_returning":0,"nb_conversions":0,"nb_visits_converted":0,"conversion_rate":0,"revenue":0,"nb_pageviews":0,"nb_uniq_pageviews":0,"nb_downloads":0,"nb_uniq_downloads":0,"nb_outlinks":0,"nb_uniq_outlinks":0,"nb_searches":0,"nb_keywords":0,"avg_time_generation":0},"2012-07":{"max_actions":1430,"nb_actions":138343,"nb_uniq_visitors":103424,"nb_visits":103668,"bounce_rate":"78%","nb_actions_per_visit":1.3,"avg_time_on_site":42,"nb_actions_returning":837,"nb_visits_returning":316,"bounce_rate_returning":"50%","nb_actions_per_visit_returning":2.6,"avg_time_on_site_returning":255,"nb_uniq_visitors_returning":0,"nb_conversions":0,"nb_visits_converted":0,"conversion_rate":0,"revenue":0,"nb_pageviews":0,"nb_uniq_pageviews":0,"nb_downloads":0,"nb_uniq_downloads":0,"nb_outlinks":0,"nb_uniq_outlinks":0,"nb_searches":0,"nb_keywords":0,"avg_time_generation":0},"2012-08":{"max_actions":742,"nb_actions":134858,"nb_uniq_visitors":90439,"nb_visits":90776,"bounce_rate":"77%","nb_actions_per_visit":1.5,"avg_time_on_site":89,"nb_actions_returning":1396,"nb_visits_returning":409,"bounce_rate_returning":"46%","nb_actions_per_visit_returning":3.4,"avg_time_on_site_returning":385,"nb_uniq_visitors_returning":0,"nb_conversions":0,"nb_visits_converted":0,"conversion_rate":0,"revenue":0,"nb_pageviews":0,"nb_uniq_pageviews":0,"nb_downloads":0,"nb_uniq_downloads":0,"nb_outlinks":0,"nb_uniq_outlinks":0,"nb_searches":0,"nb_keywords":0,"avg_time_generation":0},"2012-09":{"max_actions":484,"nb_actions":120697,"nb_uniq_visitors":81026,"nb_visits":81456,"bounce_rate":"75%","nb_actions_per_visit":1.5,"avg_time_on_site":40,"nb_actions_returning":1235,"nb_visits_returning":482,"bounce_rate_returning":"64%","nb_actions_per_visit_returning":2.6,"avg_time_on_site_returning":262,"nb_uniq_visitors_returning":0,"nb_conversions":0,"nb_visits_converted":0,"conversion_rate":0,"revenue":0,"nb_pageviews":0,"nb_uniq_pageviews":0,"nb_downloads":0,"nb_uniq_downloads":0,"nb_outlinks":0,"nb_uniq_outlinks":0,"nb_searches":0,"nb_keywords":0,"avg_time_generation":0},"2012-10":{"max_actions":678,"nb_actions":206820,"nb_uniq_visitors":160290,"nb_visits":160716,"bounce_rate":"83%","nb_actions_per_visit":1.3,"avg_time_on_site":42,"nb_actions_returning":1412,"nb_visits_returning":491,"bounce_rate_returning":"53%","nb_actions_per_visit_returning":2.9,"avg_time_on_site_returning":326,"nb_uniq_visitors_returning":0,"nb_conversions":0,"nb_visits_converted":0,"conversion_rate":0,"revenue":0,"nb_pageviews":0,"nb_uniq_pageviews":0,"nb_downloads":0,"nb_uniq_downloads":0,"nb_outlinks":0,"nb_uniq_outlinks":0,"nb_searches":0,"nb_keywords":0,"avg_time_generation":0},"2012-11":{"max_actions":7632,"nb_actions":1245445,"nb_uniq_visitors":414955,"nb_visits":592084,"bounce_rate":"70%","nb_actions_per_visit":2.1,"avg_time_on_site":103,"nb_actions_returning":93873,"nb_visits_returning":18290,"bounce_rate_returning":"60%","nb_actions_per_visit_returning":5.1,"avg_time_on_site_returning":463,"nb_uniq_visitors_returning":0,"nb_conversions":392133,"nb_visits_converted":388562,"conversion_rate":65.63,"revenue":3160,"nb_downloads":49,"nb_keywords":5,"nb_outlinks":2114,"nb_pageviews":1243274,"nb_searches":6,"nb_uniq_downloads":44,"nb_uniq_outlinks":1830,"nb_uniq_pageviews":955098,"avg_time_generation":0},"2012-12":{"max_actions":1700,"nb_actions":1772859,"nb_uniq_visitors":508605,"nb_visits":743049,"bounce_rate":"65%","nb_actions_per_visit":2.4,"avg_time_on_site":72,"nb_actions_returning":157328,"nb_visits_returning":41864,"bounce_rate_returning":"58%","nb_actions_per_visit_returning":3.8,"avg_time_on_site_returning":169,"nb_uniq_visitors_returning":0,"nb_conversions":724753,"nb_visits_converted":726927,"conversion_rate":97.83,"revenue":1510,"nb_downloads":27,"nb_keywords":4,"nb_outlinks":3412,"nb_pageviews":1769442,"nb_searches":4,"nb_uniq_downloads":26,"nb_uniq_outlinks":3040,"nb_uniq_pageviews":1420166,"avg_time_generation":0},"2013-01":{"max_actions":1792,"nb_actions":3323064,"nb_uniq_visitors":968936,"nb_visits":1383659,"bounce_rate":"61%","nb_actions_per_visit":2.4,"avg_time_on_site":152,"nb_actions_returning":441814,"nb_visits_returning":133740,"bounce_rate_returning":"57%","nb_actions_per_visit_returning":3.3,"avg_time_on_site_returning":381,"nb_uniq_visitors_returning":0,"nb_conversions":861853,"nb_visits_converted":1371048,"conversion_rate":99.09,"revenue":1700,"nb_downloads":218,"nb_keywords":9,"nb_outlinks":3303,"nb_pageviews":3320321,"nb_searches":10,"nb_uniq_downloads":198,"nb_uniq_outlinks":2998,"nb_uniq_pageviews":2552391,"avg_time_generation":0},"2013-02":{"max_actions":1888,"nb_actions":2088611,"nb_uniq_visitors":831858,"nb_visits":1101843,"bounce_rate":"75%","nb_actions_per_visit":1.9,"avg_time_on_site":141,"nb_actions_returning":314046,"nb_visits_returning":143016,"bounce_rate_returning":"75%","nb_actions_per_visit_returning":2.2,"avg_time_on_site_returning":314,"nb_uniq_visitors_returning":0,"nb_conversions":1095855,"nb_visits_converted":1092555,"conversion_rate":99.16,"revenue":1590,"nb_downloads":171,"nb_keywords":12,"nb_outlinks":1814,"nb_pageviews":2072248,"nb_searches":12,"nb_uniq_downloads":160,"nb_uniq_outlinks":1649,"nb_uniq_pageviews":1672167,"avg_time_generation":0},"2013-03":{"max_actions":5938,"nb_actions":6485342,"nb_uniq_visitors":1744470,"nb_visits":2214664,"bounce_rate":"55%","nb_actions_per_visit":2.9,"avg_time_on_site":230,"nb_actions_returning":1048516,"nb_visits_returning":238560,"bounce_rate_returning":"53%","nb_actions_per_visit_returning":4.4,"avg_time_on_site_returning":556,"nb_uniq_visitors_returning":0,"nb_conversions":2208409,"nb_visits_converted":2203839,"conversion_rate":99.51,"revenue":2610,"nb_downloads":130,"nb_keywords":13,"nb_outlinks":3233,"nb_pageviews":6409091,"nb_searches":15,"nb_uniq_downloads":115,"nb_uniq_outlinks":2881,"nb_uniq_pageviews":4545596,"avg_time_generation":0},"2013-04":{"max_actions":25988,"nb_actions":7296544,"nb_uniq_visitors":2377258,"nb_visits":2645288,"bounce_rate":"58%","nb_actions_per_visit":2.8,"avg_time_on_site":117,"nb_actions_returning":176637,"nb_visits_returning":42805,"bounce_rate_returning":"55%","nb_actions_per_visit_returning":4.1,"avg_time_on_site_returning":318,"nb_uniq_visitors_returning":0,"nb_conversions":1555023,"nb_visits_converted":1547904,"conversion_rate":58.52,"revenue":3910,"nb_downloads":323,"nb_keywords":20,"nb_outlinks":4693,"nb_pageviews":7240689,"nb_searches":21,"nb_uniq_downloads":303,"nb_uniq_outlinks":4152,"nb_uniq_pageviews":5560611,"avg_time_generation":0},"2013-05":{"max_actions":20819,"nb_actions":13492324,"nb_uniq_visitors":3454067,"nb_visits":4147589,"bounce_rate":"53%","nb_actions_per_visit":3.3,"avg_time_on_site":154,"nb_actions_returning":73893,"nb_visits_returning":26817,"bounce_rate_returning":"59%","nb_actions_per_visit_returning":2.8,"avg_time_on_site_returning":184,"nb_uniq_visitors_returning":0,"nb_conversions":379243,"nb_visits_converted":371619,"conversion_rate":8.96,"revenue":3230,"nb_downloads":438,"nb_keywords":24,"nb_outlinks":5955,"nb_pageviews":13380251,"nb_searches":25,"nb_uniq_downloads":405,"nb_uniq_outlinks":5316,"nb_uniq_pageviews":9204939,"avg_time_generation":0},"2013-06":{"max_actions":14828,"nb_actions":9195477,"nb_uniq_visitors":3512604,"nb_visits":4040646,"bounce_rate":"59%","nb_actions_per_visit":2.3,"avg_time_on_site":162,"nb_actions_returning":49723,"nb_visits_returning":18142,"bounce_rate_returning":"63%","nb_actions_per_visit_returning":2.7,"avg_time_on_site_returning":210,"nb_uniq_visitors_returning":0,"nb_conversions":248570,"nb_visits_converted":244779,"conversion_rate":6.06,"revenue":2060,"nb_downloads":210,"nb_keywords":28,"nb_outlinks":4311,"nb_pageviews":9122651,"nb_searches":34,"nb_uniq_downloads":190,"nb_uniq_outlinks":3821,"nb_uniq_pageviews":6543046,"avg_time_generation":0},"2013-07":{"max_actions":7429,"nb_actions":9746523,"nb_uniq_visitors":3410096,"nb_visits":3927870,"bounce_rate":"59%","nb_actions_per_visit":2.5,"avg_time_on_site":136,"nb_actions_returning":41570,"nb_visits_returning":16408,"bounce_rate_returning":"63%","nb_actions_per_visit_returning":2.5,"avg_time_on_site_returning":150,"nb_uniq_visitors_returning":0,"nb_conversions":230205,"nb_visits_converted":225503,"conversion_rate":5.74,"revenue":3960,"nb_downloads":382,"nb_keywords":44,"nb_outlinks":9336,"nb_pageviews":9716918,"nb_searches":48,"nb_uniq_downloads":344,"nb_uniq_outlinks":8492,"nb_uniq_pageviews":7166820,"avg_time_generation":1.052},"2013-08":{"max_actions":5770,"nb_actions":7263881,"nb_uniq_visitors":2864672,"nb_visits":2972880,"bounce_rate":"52%","nb_actions_per_visit":2.4,"avg_time_on_site":152,"nb_actions_returning":33519,"nb_visits_returning":16868,"bounce_rate_returning":"68%","nb_actions_per_visit_returning":2,"avg_time_on_site_returning":104,"nb_uniq_visitors_returning":0,"nb_conversions":336958,"nb_visits_converted":332851,"conversion_rate":11.2,"revenue":3300,"nb_downloads":312,"nb_keywords":45,"nb_outlinks":7233,"nb_pageviews":7190933,"nb_searches":50,"nb_uniq_downloads":274,"nb_uniq_outlinks":6464,"nb_uniq_pageviews":5344103,"avg_time_generation":0.971},"2013-09":{"max_actions":7853,"nb_actions":14000882,"nb_uniq_visitors":5069458,"nb_visits":5224497,"bounce_rate":"48%","nb_actions_per_visit":2.7,"avg_time_on_site":182,"nb_actions_returning":38223,"nb_visits_returning":14093,"bounce_rate_returning":"54%","nb_actions_per_visit_returning":2.7,"avg_time_on_site_returning":182,"nb_uniq_visitors_returning":0,"nb_conversions":162079,"nb_visits_converted":161992,"conversion_rate":3.1,"revenue":0,"nb_downloads":302,"nb_keywords":49,"nb_outlinks":9660,"nb_pageviews":13942787,"nb_searches":55,"nb_uniq_downloads":264,"nb_uniq_outlinks":8276,"nb_uniq_pageviews":9727080,"avg_time_generation":0.708},"2013-10":{"max_actions":21356,"nb_actions":16931294,"nb_uniq_visitors":6149595,"nb_visits":6346937,"bounce_rate":"51%","nb_actions_per_visit":2.7,"avg_time_on_site":164,"nb_actions_returning":53759,"nb_visits_returning":19291,"bounce_rate_returning":"52%","nb_actions_per_visit_returning":2.8,"avg_time_on_site_returning":159,"nb_uniq_visitors_returning":0,"nb_conversions":234628,"nb_visits_converted":234563,"conversion_rate":3.7,"revenue":0,"nb_downloads":533,"nb_keywords":29,"nb_outlinks":10734,"nb_pageviews":16717311,"nb_searches":29,"nb_uniq_downloads":481,"nb_uniq_outlinks":9649,"nb_uniq_pageviews":11672061,"avg_time_generation":0.856},"2013-11":{"max_actions":32274,"nb_actions":17510993,"nb_uniq_visitors":5770600,"nb_visits":5960963,"bounce_rate":"49%","nb_actions_per_visit":2.9,"avg_time_on_site":193,"nb_actions_returning":63219,"nb_visits_returning":22599,"bounce_rate_returning":"49%","nb_actions_per_visit_returning":2.8,"avg_time_on_site_returning":270,"nb_uniq_visitors_returning":0,"nb_conversions":194938,"nb_visits_converted":194911,"conversion_rate":3.27,"revenue":0,"nb_downloads":517,"nb_keywords":46,"nb_outlinks":12395,"nb_pageviews":17344770,"nb_searches":51,"nb_uniq_downloads":468,"nb_uniq_outlinks":10687,"nb_uniq_pageviews":12594222,"avg_time_generation":0.816},"2013-12":{"max_actions":5415,"nb_actions":10973425,"nb_uniq_visitors":4168576,"nb_visits":4313942,"bounce_rate":"57%","nb_actions_per_visit":2.5,"avg_time_on_site":156,"nb_actions_returning":35511,"nb_visits_returning":14024,"bounce_rate_returning":"55%","nb_actions_per_visit_returning":2.5,"avg_time_on_site_returning":150,"nb_uniq_visitors_returning":0,"nb_conversions":154872,"nb_visits_converted":154839,"conversion_rate":3.59,"revenue":0,"nb_downloads":408,"nb_keywords":35,"nb_outlinks":7990,"nb_pageviews":10720567,"nb_searches":39,"nb_uniq_downloads":363,"nb_uniq_outlinks":7142,"nb_uniq_pageviews":7822681,"avg_time_generation":0.608}}